<record><leader>00000cas a22000007a 4500</leader><controlfield tag="001">17670805</controlfield><controlfield tag="008">880324u19uuuuuutxuwr ne      0    0eng d</controlfield><datafield ind1=" " ind2=" " tag="010"><subfield code="a">sn 88083172 </subfield></datafield><datafield ind1=" " ind2=" " tag="040"><subfield code="a">PPM</subfield><subfield code="b">eng</subfield><subfield code="c">PPM</subfield><subfield code="d">OCLCQ</subfield></datafield><datafield ind1=" " ind2=" " tag="042"><subfield code="a">msc</subfield></datafield><datafield ind1="0" ind2=" " tag="130"><subfield code="a">Voice (Lindsay, Tex.)</subfield></datafield><datafield ind1="1" ind2="4" tag="245"><subfield code="a">The voice.</subfield></datafield><datafield ind1=" " ind2=" " tag="260"><subfield code="a">Sanger, Tex. :</subfield><subfield code="b">Roy Lemons</subfield></datafield><datafield ind1=" " ind2=" " tag="310"><subfield code="a">Weekly</subfield></datafield><datafield ind1=" " ind2=" " tag="588"><subfield code="a">Description based on: Vol. 13, no. 21 (Jan. 7, 1982).</subfield></datafield><datafield ind1=" " ind2=" " tag="752"><subfield code="a">United States</subfield><subfield code="b">Texas</subfield><subfield code="c">Denton</subfield><subfield code="d">Sanger.</subfield></datafield><datafield ind1=" " ind2=" " tag="752"><subfield code="a">United States</subfield><subfield code="b">Texas</subfield><subfield code="c">Cooke</subfield><subfield code="d">Lindsay.</subfield></datafield><datafield ind1="1" ind2=" " tag="029"><subfield code="a">AU@</subfield><subfield code="b">000025796123</subfield></datafield></record>